
@misc{_cubify_????,
	title = {Cubify - Express Yourself in {3D}},
	url = {http://cubify.com/en/Info/FAQCube2},
	urldate = {2014-05-22}
}

@misc{langevin_inmoov_????,
	title = {{InMoov} » Project},
	url = {http://www.inmoov.fr/project/},
	urldate = {2014-05-20},
	author = {Langevin, Gael}
}

@misc{_epoc_????,
	title = {{EPOC} Features},
	url = {http://emotiv.com/epoc/features.php},
	urldate = {2014-05-20}
}

@misc{_api_????,
	title = {{API} Overview — Leap Motion C++ {SDK} v1.2 documentation},
	url = {https://developer.leapmotion.com/documentation/cpp/devguide/Leap_Overview.html},
	urldate = {2014-01-20}
}
